@article{greenwade93,
    author  = "George D. Greenwade",
    title   = "The {C}omprehensive {T}ex {A}rchive {N}etwork ({CTAN})",
    year    = "1993",
    journal = "TUGBoat",
    volume  = "14",
    number  = "3",
    pages   = "342--351"
}

@misc{RN001,
   author  = {Pharrell},
   title = {Interest Calculation},
   url = {https://github.com/PharrellWANG/interest_calc},
   year = {2017},
   type = {Web Page}
}